@book{Winskel,
  author =      "Glynn Winskel",
  title =       "The Formal Semantics of Programming Languages",
  isbn =        "9780262731034",
  year =        "February 1993",
  publisher =   "The MIT Press"
}

@article{DanvyOlivier,
  title =       {A Rational Deconstruction of Landin's SECD Machine.},
  author =      {Danvy, Olivier},
  issn =        {0909-0878},
  year =        {2004},
  publisher =   {San Val}
}

@book{Field,
  title =       {Functional Programming},
  author =      {Field, Anthony J. Field, Peter G. Harrison},
  isbn =        {0-201-19249-7},
  year =        {1988},
  publisher =   {Addison-Wesley}
}


@book{Graham,
  title =       {The SECD Microprocessor: A Verification Case Study},
  author =      {Graham, Brian T},
  isbn =        {0-7923-9245-0},
  year =        {1992},
  publisher =   {Springer}
}

@book{Henderson,
  title =       {Functional Programming: Application and Implementation},
  author =      {Henderson, Peter},
  isbn =        {0-13-331579-7},
  year =        {1980},
  publisher =   {Prentice Hall}
}

@book{Kogge,
  title =   {The Architecture of Symbolic Computers},
  author =  {Kogge, Peter M},
  isbn =    {0-07-035596-7}
}

@book{LandinPJ,
  title =   {The Mechanical Evaluation of Expressions},
  author =  {Landin, P. J},
  doi =     "10.1093/comjnl/6.4.308"
  year =    {January 1964}
}

@book{LanPJ7,
  title =   {The next 700 programming lang},
  author =  {Landin, P. J},
  doi =     "10.1145/365230.365257",
  year =    {1966}
}

@book{DesIsu,
  title =   {SECD: DESIGN ISSUES},
  author =  {Graham, Brian},
  year =    {1989}
}